%% References for the paper.
%% http://en.wikipedia.org/wiki/BibTeX
%% Use { } around titles and such to prevent the damn thing from messing
%% up everything.

@misc{x3d:spec,
  title = "{Extensible 3D (X3D) Graphics Standard}",
  author = "{Web 3D Consortium}",
  year = "2008",
  howpublished = "ISO/IEC 19775-1.2:2008; see \url{http://web3d.org/x3d/specifications/}"
}

@misc{vrmleng:bumpmapping,
  title = "{Bump mapping extensions}",
  author = "Michalis Kamburelis",
  year = "2008",
  howpublished = "\url{http://vrmlengine.sourceforge.net/kambi\_vrml\_extensions.php#section\_ext\_bump\_mapping}"
}

