%% References for the paper.
%% http://en.wikipedia.org/wiki/BibTeX
%% Use { } around titles and such to prevent the damn thing from messing
%% up everything.

@misc{nvidia:sm,
  title = "{Shadow Mapping}",
  author = "Cass Everitt",
  year = "2001",
  howpublished = "\url{http://developer.nvidia.com/object/shadow\_mapping.html}"
}

@misc{nvidia:hsm,
  title = "{Hardware Shadow Mapping}",
  author = "Cass Everitt and Ashu Rege and Cem Cebenoyan",
  year = "2001",
  howpublished = "\url{http://developer.nvidia.com/object/hwshadowmap\_paper.html}"
}

@misc{nvidia:proj,
  title = "{Projective Texture Mapping}",
  author = "Cass Everitt",
  year = "2001",
  howpublished = "\url{http://developer.nvidia.com/object/Projective_Texture_Mapping.html}"
}

@inbook{gpugems:pcf,
  title = "{GPU Gems: Shadow Map Antialiasing}",
  author = "Michael Bunnell and Fabio Pellacini",
  chapter = "11",
  year = "2004",
  note = "\url{http://developer.nvidia.com/object/gpu_gems_home.html}"
}

%% misc{glext:shadow,
%%   title = "{OpenGL} \texttt{ARB\_shadow} extension",
%%   author = "{ARB}"
%%   howpublished = "\url{http://www.opengl.org/registry/specs/ARB/shadow.txt}"
%% }
%%
%% misc{glext:depthtexture,
%%   title = "{OpenGL} \texttt{ARB\_depth\_texture} extension",
%%   author = "{ARB}"
%%   howpublished = "\url{http://www.opengl.org/registry/specs/ARB/depth\_texture.txt}"
%% }
%%
%% misc{gl:glpolygonoffset,
%%   title = "{OpenGL \texttt{glPolygonOffset} manual}",
%%   author = "{ARB}"
%%   howpublished = "\url{http://www.opengl.org/sdk/docs/man/xhtml/glPolygonOffset.xml}"
%% }

% This info by searching
% http://www-sop.inria.fr/reves/publis/?author=&title=perspective+shadow+maps
% Other URLs:
% - Orig pdf: http://www-sop.inria.fr/reves/Basilic/2002/SD02/PerspectiveShadowMaps.pdf
% - Perspective Shadow Maps: Care and Feeding:
%   http://http.developer.nvidia.com/GPUGems/gpugems_ch14.html
% - Experience with Perspective Shadow Maps:
%   http://www.comp.nus.edu.sg/~tants/tsm/psm.html
%% article{perspsm,
%%   title = "{Perspective Shadow Maps}",
%%   note = "\url{http://www-sop.inria.fr/reves/personnel/Marc.Stamminger/psm/}",
%%   author = "Marc Stamminger and George Drettakis",
%%   journal = "Proceedings of ACM SIGGRAPH",
%%   year = "2002",
%%   month = "July",
%%   pages = "557--562"
%% }

@misc{x3d:spec,
  title = "{Extensible 3D (X3D) Graphics Standard}",
  author = "{Web 3D Consortium}",
  year = "2008",
  howpublished = "ISO/IEC 19775-1.2:2008; see \url{http://web3d.org/x3d/specifications/}"
}

@article{parallaxbump,
  author = "Morgan McGuire and Max McGuire",
  title = "Steep Parallax Mapping",
  journal = "I3D 2005 Poster",
  year = 2005,
  note = "\url{http://www.cs.brown.edu/research/graphics/games/SteepParallax/index.html}"
}

@misc{vrmleng:parallaxbump,
  title = "{Bump mapping extensions}",
  author = "Michalis Kamburelis",
  year = "2008",
  howpublished = "\url{http://vrmlengine.sourceforge.net/kambi\_vrml\_extensions.php#section\_ext\_bump\_mapping}"
}

@misc{vrmleng:shadowvolumes,
  title = "{Shadow volumes extensions}",
  author = "Michalis Kamburelis",
  year = "2006",
  howpublished = "\url{http://vrmlengine.sourceforge.net/kambi\_vrml\_extensions.php#section\_ext\_shadows}"
}

@article{sm,
  title = "Casting curved shadows on curved surfaces",
  author = "L. Williams",
  journal = "Computer Graphics (Proceedings of SIGGRAPH '78)",
  pages = "270--274",
  year = "1978"
}

%% I cheat, adding BS Contact versions as a "year".
%% While this is abuse, it makes citations to BS Contact www pages
%% look good and usable (otherwise, they don't have any year, and noone
%% cares about the year anyway).

@misc{bs:72,
  title = "{BS Contact 7.2 - Release Notes - Advanced realtime shadows}",
  author = "{Bitmanagement}",
  year = "7.2",
  howpublished = "\url{http://www.bitmanagement.de/developer/contact/relnotes72.html#shadow}"
}

@misc{bs:62,
  title = "{BS Contact VRML/X3D 6.2}",
  author = "{Bitmanagement}",
  year = "6.2",
  howpublished = "\url{http://www.bitmanagement.de/support/developer-area/whats-new/bs-contact-vrml/x3d-62}, see the \emph{Projective Texture Mapping} section"
}

@misc{octaga:shadow,
  title = "{Octaga Nodes}",
  author = "{Octaga}",
  howpublished = "\url{http://www.octaga.com/Developer/OctagaNodes.pdf}, pages 54-55"
}